@article{lardilleux2013generalizing,
  title={Generalizing sampling-based multilingual alignment},
  author={Lardilleux, Adrien and Yvon, Fran{\c{c}}ois and Lepage, Yves},
  journal={Machine translation},
  volume={27},
  number={1},
  pages={1--23},
  year={2013},
  publisher={Springer}
}

@inproceedings{broder2000identifying,
  title={Identifying and filtering near-duplicate documents},
  author={Broder, Andrei Z},
  booktitle={Combinatorial pattern matching},
  pages={1--10},
  year={2000},
  organization={Springer}
}

@inproceedings{hoang2009re,
  title={A re-examination of lexical association measures},
  author={Hoang, Hung Huu and Kim, Su Nam and Kan, Min-Yen},
  booktitle={Proceedings of the Workshop on Multiword Expressions: Identification, Interpretation, Disambiguation and Applications},
  pages={31--39},
  year={2009},
  organization={Association for Computational Linguistics}
}

@book{baayen2001word,
  title={Word frequency distributions},
  author={Baayen, R Harald},
  volume={18},
  year={2001},
  publisher={Springer}
}

@article{flajolet1985probabilistic,
  title={Probabilistic counting algorithms for data base applications},
  author={Flajolet, Philippe and Nigel Martin, G},
  journal={Journal of computer and system sciences},
  volume={31},
  number={2},
  pages={182--209},
  year={1985},
  publisher={Elsevier}
}

@inproceedings{pecina2006combining,
  title={Combining association measures for collocation extraction},
  author={Pecina, Pavel and Schlesinger, Pavel},
  booktitle={Proceedings of the COLING/ACL on Main conference poster sessions},
  pages={651--658},
  year={2006},
  organization={Association for Computational Linguistics}
}


% Chapitre 7 MÃ©thodes statistiques pour la traduction automatique


